@book{TRAT,
author = {Baader, Franz and  Nipkow, Tobias},
title = {Term rewriting and all that},
year = {1998},
isbn = {0-521-45520-0},
publisher = {Cambridge University Press},
address = {New York, NY, USA},
}

@INPROCEEDINGS{Reynolds02separationlogic:,
    author = {John Reynolds},
    title = {Separation Logic: A Logic for Shared Mutable Data Structures},
    booktitle = {},
    year = {2002},
    pages = {55--74},
    publisher = {IEEE Computer Society}
}

@inproceedings{RazaG08,
  author    = {Mohammad Raza and
               Philippa Gardner},
  title     = {Footprints in Local Reasoning},

  booktitle = {FoSSaCS},
  year      = {2008},
  pages     = {201-215},
  ee        = {http://dx.doi.org/10.1007/978-3-540-78499-9_15},
  crossref  = {DBLP:conf/fossacs/2008},

  bibsource = {DBLP, http://dblp.uni-trier.de}
}

@article{BiAbduction09,
 author = {Calcagno, Cristiano and Distefano, Dino and O'Hearn, Peter and Yang, Hongseok},
 title = {Compositional shape analysis by means of bi-abduction},
 journal = {SIGPLAN Not.},
 volume = {44},
 issue = {1},
 month = {January},
 year = {2009},
 issn = {0362-1340},
 pages = {289--300},
 numpages = {12},
 url = {http://doi.acm.org/10.1145/1594834.1480917},
 doi = {http://doi.acm.org/10.1145/1594834.1480917},
 acmid = {1480917},
 publisher = {ACM},
 address = {New York, NY, USA},
 keywords = {abduction, program analysis, proof theory},
} 

@INPROCEEDINGS{Bozga06flata,
author = {Marius Bozga and Radu Iosif and Yassine Lakhnech},
title = {Flat Parametric Counter Automata},
booktitle = {In Automata, Languages and Programming, 33 rd International Colloquium, ICALP 2006},
year = {2006},
pages = {577--588},
publisher = {Springer}
}



@inproceedings{CAV09,
 author = {Bozga, Marius and Habermehl, Peter and Iosif, Radu and Kone\v{c}n\'{y}, Filip and Vojnar, Tom\'{a}\v{s}},
 title = {Automatic Verification of Integer Array Programs},
 booktitle = {Proceedings of the 21st International Conference on Computer Aided Verification},
 series = {CAV '09},
 year = {2009},
 isbn = {978-3-642-02657-7},
 location = {Grenoble, France},
 pages = {157--172},
 numpages = {16},
 url = {http://dx.doi.org/10.1007/978-3-642-02658-4_15},
 doi = {http://dx.doi.org/10.1007/978-3-642-02658-4_15},
 acmid = {1575078},
 publisher = {Springer-Verlag},
 address = {Berlin, Heidelberg},
} 


